@incollection{Brainard2003,
author = "David H. Brainard",
booktitle = "The Science of Color",
publisher = "Elselvier Ltd.",
title = "Color Appearance and Color Difference Specification",
year = "2003"
}
@article{Feitosa-Santana2006,
author = "Claudia Feitosa-Santana and Nestor Norio Oiwa and Marcelo Fernandes da Costa and Klaus Bruno Tiedemann and Dora Fix Ventura and Luiz Carlos de Lima Silveira",
journal = "Psicologia USP",
doi = "10.1590/s0103-65642006000400003",
number = "4",
pages = "35-62",
title = "Espa{\c c}o de cores",
volume = "17",
year = "2006"
}
@book{Forsyth2011,
author = "David A. Forsyth and Jean Ponce",
isbn = "9780136085928",
publisher = "Prentice Hall",
address = "Boston",
title = "Computer Vision: A Modern Approach",
year = "2011",
month = "01",
day = "01"
}
@book{Hartley2003,
author = "Richard Hartley and Andrew Zisserman",
edition = "2",
isbn = "9780521540513",
publisher = "Cambridge University Press",
address = "United Kingdom",
title = "Multiple view geometry in computer vision",
year = "2003",
month = "11",
day = "01"
}
@article{Lee2005,
author = "S. M. Lee and J. H. Xin and S. Westland",
journal = "Color Research \& Application",
doi = "10.1002/col.20122",
number = "4",
pages = "265-274",
title = "Evaluation of image similarity by histogram intersection",
volume = "30",
year = "2005"
}
@thesis{Morvan2009,
author = "Yannick Morvan",
title = "Acquisition, Compression and Rendering of Depth and Texture for Multi-View Video",
year = "2009",
month = "04"
}
@book{Shapiro2001,
author = "Linda G. Shapiro and George C. Stockman",
isbn = "9780130307965",
publisher = "Prentice Hall",
title = "Computer Vision",
year = "2001",
month = "01",
day = "23"
}
