@online{6264659,
	title = "OpenCV 2.4.11.0 documentation",
	url = "http://docs.opencv.org/index.html",
	urldate = "2015-07-04"
}
@article{Bin Zabawi2013,
author = "Najmi Hafizi Bin Zabawi and  Sunardi and Kamarul Hawari Ghazali",
journal = "ICLTEEE 2013",
title = "Parking Lot Detection Using Image Processing Method",
year = "2013"
}
@online{Bouwmans2008,
author = "Thierry Bouwmans and Fida El Baf and Bertrand Vachon",
number = "3",
pages = "219-237",
title = "Background Modeling using Mixture of Gaussians for Foreground Detection - A Survey",
url = "https://hal.archives-ouvertes.fr/hal-00338206",
volume = "1",
urldate = "2015-07-04",
year = "2008",
month = "11",
day = "01"
}
@book{Bradski2008,
author = "Gary Bradski and Adrian Kaehler",
edition = "1",
isbn = "9780596516130",
publisher = "O'Reilly",
address = "Sebastopol, CA",
title = "Learning OpenCV: computer vision with the OpenCV library",
year = "2008"
}
@incollection{Brainard2003,
author = "David H. Brainard",
booktitle = "The Science of Color",
publisher = "Elselvier Ltd.",
title = "Color Appearance and Color Difference Specification",
year = "2003"
}
@article{Chen2010,
author = "Li-Chih Chen and Jun-Wei Hsieh and Wei-Ru Lai and Chih-Xuan Wu and Shin-Yu Chen",
journal = "2010 Sixth International Conference on Intelligent Information Hiding and Multimedia Signal Processing",
doi = "10.1109/iihmsp.2010.160",
title = "Vision-Based Vehicle Surveillance and Parking Lot Management Using Multiple Cameras",
year = "2010"
}
@article{Choeychuen2013,
author = "Kairoek Choeychuen",
journal = "2013 5th International Conference on Knowledge and Smart Technology (KST)",
doi = "10.1109/kst.2013.6512799",
title = "Automatic parking lot mapping for available parking space detection",
year = "2013"
}
@article{Feitosa-Santana2006,
author = "Claudia Feitosa-Santana and Nestor Norio Oiwa and Marcelo Fernandes da Costa and Klaus Bruno Tiedemann and Dora Fix Ventura and Luiz Carlos de Lima Silveira",
journal = "Psicologia USP",
doi = "10.1590/s0103-65642006000400003",
number = "4",
pages = "35-62",
title = "Espa{\c c}o de cores",
volume = "17",
year = "2006"
}
@book{Forsyth2011,
author = "David A. Forsyth and Jean Ponce",
isbn = "9780136085928",
publisher = "Prentice Hall",
address = "Boston",
title = "Computer Vision: A Modern Approach",
year = "2011",
month = "01",
day = "01"
}
@article{Freund1997,
author = "Yoav Freund and Robert E Schapire",
journal = "Journal of Computer and System Sciences",
doi = "10.1006/jcss.1997.1504",
number = "1",
pages = "119-139",
title = "A Decision-Theoretic Generalization of On-Line Learning and an Application to Boosting",
volume = "55",
year = "1997"
}
@book{Hartley2003,
author = "Richard Hartley and Andrew Zisserman",
edition = "2",
isbn = "9780521540513",
publisher = "Cambridge University Press",
address = "United Kingdom",
title = "Multiple view geometry in computer vision",
year = "2003",
month = "11",
day = "01"
}
@article{Ichihashi2009,
author = "H. Ichihashi and A. Notsu and K. Honda and T. Katada and M. Fujiyoshi",
journal = "2009 IEEE International Conference on Fuzzy Systems",
doi = "10.1109/fuzzy.2009.5277099",
title = "Vacant parking space detector for outdoor parking lot by using surveillance camera and FCM classifier",
year = "2009"
}
@article{KaewTraKulPong2002,
author = "P. KaewTraKulPong and R. Bowden",
journal = "Video-Based Surveillance Systems",
doi = "10.1007/978-1-4615-0913-4\_11",
pages = "135-144",
title = "An Improved Adaptive Background Mixture Model for Real-time Tracking with Shadow Detection",
year = "2002"
}
@article{Lee2005,
author = "S. M. Lee and J. H. Xin and S. Westland",
journal = "Color Research \& Application",
doi = "10.1002/col.20122",
number = "4",
pages = "265-274",
title = "Evaluation of image similarity by histogram intersection",
volume = "30",
year = "2005"
}
@article{Lin2006,
author = "Sheng-Fuu Lin and Yung-Yao Chen and Sung-Chieh Liu",
journal = "2006 IEEE International Conference on Systems, Man and Cybernetics",
doi = "10.1109/icsmc.2006.385314",
title = "A Vision-Based Parking Lot Management System",
year = "2006"
}
@incollection{Liu2015,
author = "Yujie Liu and Bin Zhang",
editor = "Tieniu Tan and Qiuqi Ruan and Shengjin Wang",
booktitle = "Advances in Image and Graphics Technologies: 10th Chinese Conference, IGTA 2015, Beijing, China, June 19-20, 2015, Proceedings",
isbn = "9783662477908",
publisher = "Springer-Verlag Berlin and Heidelberg GmbH \& Co. K",
address = "Germany",
title = "Micro-video Segmentation Based on Histogram and Local Optimal Solution Method",
year = "2015",
month = "08",
day = "14"
}
@thesis{Morvan2009,
author = "Yannick Morvan",
editor = " Technische Universiteit Eindhoven",
howpublished = "PhD Thesis",
address = "EindHoven",
title = "Acquisition, compression and rendering of depth and texture for multi-view video / Yannick Morvan",
year = "2009",
month = "09",
day = "04"
}
@article{Oliveira2008,
author = "Miguel Riem Oliveira and Vitor M F Santos",
journal = "8th Portuguese Conference on Automatic Control",
title = "Automatic Detection of Cars in Real Roads using Haar-like Features",
year = "2008"
}
@article{Piccardi2004,
author = "M. Piccardi",
journal = "2004 IEEE International Conference on Systems, Man and Cybernetics (IEEE Cat. No.04CH37583)",
doi = "10.1109/icsmc.2004.1400815",
title = "Background subtraction techniques: a review",
year = "2004"
}
@book{Plataniotis2010,
author = "Konstantinos N Plataniotis and Anastasios N Venetsanopoulos",
isbn = "9783642086267",
publisher = "Springer-Verlag Berlin and Heidelberg GmbH \& Co. K",
address = "Berlin",
title = "Color Image Processing and Applications (Digital Signal Processing)",
year = "2010",
month = "12",
day = "03"
}
@techreport{dos Santos2012,
author = "Maikon Cismoski dos Santos",
address = "Campinas",
title = "Revis{\~ a}o de Conceitos em Proje{\c c}{\~ a}o, Homografia, Calibra{\c c}{\~ a}o de C{\^ a}mera, Geometria Epipolar, Mapas de Profundidade e Varredura de Planos",
url = "http://www.ic.unicamp.br/\textasciitidlerocha/teaching/2012s1/mc949/",
year = "2012",
month = "06",
day = "12"
}
@book{Shapiro2001,
author = "Linda G. Shapiro and George C. Stockman",
isbn = "9780130307965",
publisher = "Prentice Hall",
title = "Computer Vision",
year = "2001",
month = "01",
day = "23"
}
@article{Sobral2013,
author = "Andrews Sobral",
journal = "IX Workshop de Vis{\~ a}o Computacional (WVC'2013)",
address = "Rio de Janeiro, Brazil",
title = "BGSLibrary: An OpenCV C++ Background Subtraction Library",
year = "2013",
month = "06"
}
@article{Sobral2014,
author = "Andrews Sobral and Antoine Vacavant",
journal = "Computer Vision and Image Understanding",
doi = "10.1016/j.cviu.2013.12.005",
pages = "4-21",
title = "A comprehensive review of background subtraction algorithms evaluated with synthetic and real videos",
volume = "122",
year = "2014"
}
@article{Sobral2014-acrobsaewsarv,
author = "Andrews Sobral and Antoine Vacavant",
journal = "Computer Vision and Image Understanding",
doi = "10.1016/j.cviu.2013.12.005",
pages = "4â€“21",
publisher = "Elsevier",
title = "A comprehensive review of background subtraction algorithms evaluated with synthetic and real videos",
url = "http://dx.doi.org/10.1016/j.cviu.2013.12.005",
volume = "122",
urldate = "2015-07-03",
year = "2014",
month = "05",
day = "01"
}
@article{Stauffer1999,
author = "C. Stauffer and W.E.L. Grimson",
journal = "Proceedings. 1999 IEEE Computer Society Conference on Computer Vision and Pattern Recognition (Cat. No PR00149)",
doi = "10.1109/cvpr.1999.784637",
title = "Adaptive background mixture models for real-time tracking",
year = "1999"
}
@article{True2007,
author = "Nicholas True",
journal = "University of California, San Diego",
title = "Vacant Parking Space Detection in Static Images",
year = "2007"
}
@article{Viola2004,
author = "Paul Viola and Michael J. Jones",
journal = "International Journal of Computer Vision",
doi = "10.1023/b:visi.0000013087.49260.fb",
number = "2",
pages = "137-154",
title = "Robust Real-Time Face Detection",
volume = "57",
year = "2004"
}
@book{Zivkovic2004,
author = "Zoran Zivkovic",
editor = " IEEE",
doi = "10.1109/ICPR.2004.479",
isbn = "9780769521282",
pages = "28-31",
publisher = "IEEE Computer Society Press,U.S.",
address = "United States",
title = "International Conference on Pattern Recognition (ICPR 2004)",
year = "2004",
month = "07",
day = "31"
}
